<collection xmlns="http://www.loc.gov/MARC21/slim">
<record>
  <leader>02659nam0a2200445 i 450 </leader>
  <controlfield tag="001">IT\ICCU\CNCE\030679</controlfield>
  <controlfield tag="005">20060811000000.0</controlfield>
  <datafield tag="012" ind1=" " ind2=" ">
    <subfield code="a">n-r- tato lar- &amp;ama (3) 1585 (R)</subfield>
    <subfield code="2">fei</subfield>
  </datafield>
  <datafield tag="100" ind1=" " ind2=" ">
    <subfield code="a">19971128d1585        0itac0103    ba</subfield>
  </datafield>
  <datafield tag="101" ind1=" " ind2=" ">
    <subfield code="a">ITA</subfield>
  </datafield>
  <datafield tag="102" ind1=" " ind2=" ">
    <subfield code="a">IT</subfield>
  </datafield>
  <datafield tag="200" ind1="1" ind2=" ">
    <subfield code="a">Trattato di Marc&apos;Antonio Maltempi di Perugia. Diuiso in quattro libri. Il primo delle notabili auuersit ̉ ̉lui occorse ... Il secondo del modo di fare i parentadi, &amp; de frutti del matrimonio, &amp; de molti huomini illustri de suoi tempi ... Il terzo del farsi religioso, &amp; de gli huomini, &amp; delle donne di buona &amp; santa vita. Il quarto della strada di andare al paradiso</subfield>
  </datafield>
  <datafield tag="210" ind1=" " ind2=" ">
    <subfield code="a">In Oruieto</subfield>
    <subfield code="c">per Baldo Saluiani</subfield>
    <subfield code="d">1585</subfield>
    <subfield code="e">\In Orvieto</subfield>
    <subfield code="g">Baldo Salviani!</subfield>
  </datafield>
  <datafield tag="215" ind1=" " ind2=" ">
    <subfield code="a">148 \i.e. 138, 8! p.</subfield>
    <subfield code="d">4ʻ</subfield>
  </datafield>
  <datafield tag="620" ind1=" " ind2=" ">
    <subfield code="a">IT</subfield>
    <subfield code="d">Orvieto</subfield>
  </datafield>
  <datafield tag="700" ind1=" " ind2="1">
    <subfield code="a">Maltempi,</subfield>
    <subfield code="b">Marco Antonio</subfield>
    <subfield code="3">IT\ICCU\CNCA\009089</subfield>
  </datafield>
  <datafield tag="712" ind1="0" ind2="0">
    <subfield code="a">Salviani, Baldo</subfield>
    <subfield code="3">IT\ICCU\CNCT\000412</subfield>
    <subfield code="4">650</subfield>
  </datafield>
  <datafield tag="791" ind1="0" ind2="0">
    <subfield code="a">Salviani, Baldassarre</subfield>
    <subfield code="3">IT\ICCU\CNCT\002595</subfield>
    <subfield code="z">Salviani, Baldo</subfield>
  </datafield>
  <datafield tag="791" ind1="0" ind2="0">
    <subfield code="a">Salvianus, Baldus</subfield>
    <subfield code="3">IT\ICCU\CNCT\005542</subfield>
    <subfield code="z">Salviani, Baldo</subfield>
  </datafield>
  <datafield tag="791" ind1="0" ind2="0">
    <subfield code="a">Salvianus, Balthassar</subfield>
    <subfield code="3">IT\ICCU\CNCT\005543</subfield>
    <subfield code="z">Salviani, Baldo</subfield>
  </datafield>
  <datafield tag="801" ind1=" " ind2="3">
    <subfield code="a">IT</subfield>
    <subfield code="b">ICCU</subfield>
    <subfield code="c">20201114</subfield>
  </datafield>
  <datafield tag="899" ind1=" " ind2=" ">
    <subfield code="a">Biblioteca Apostolica Vaticana. Citt ̉del Vaticano</subfield>
    <subfield code="1">EX0001</subfield>
    <subfield code="2">ZCV 01</subfield>
  </datafield>
  <datafield tag="899" ind1=" " ind2=" ">
    <subfield code="a">Biblioteca nazionale centrale. Firenze</subfield>
    <subfield code="1">FI0098</subfield>
    <subfield code="2">CFI CF</subfield>
  </datafield>
  <datafield tag="899" ind1=" " ind2=" ">
    <subfield code="a">Biblioteca comunale Giosu ̈Carducci. Citt ̉di Castello</subfield>
    <subfield code="1">PG0032</subfield>
    <subfield code="2">UM1 05</subfield>
  </datafield>
  <datafield tag="899" ind1=" " ind2=" ">
    <subfield code="a">Biblioteca dell&apos;Abbazia di S. Pietro. Perugia</subfield>
    <subfield code="1">PG0080</subfield>
    <subfield code="2">UM1 43</subfield>
  </datafield>
  <datafield tag="899" ind1=" " ind2=" ">
    <subfield code="a">Biblioteca dell&apos;Archivio di Stato di Perugia. Perugia</subfield>
    <subfield code="1">PG0103</subfield>
    <subfield code="2">UM1 50</subfield>
  </datafield>
  <datafield tag="899" ind1=" " ind2=" ">
    <subfield code="a">Biblioteca comunale Augusta. Perugia</subfield>
    <subfield code="1">PG0109</subfield>
    <subfield code="2">UM1 01</subfield>
  </datafield>
  <datafield tag="899" ind1=" " ind2=" ">
    <subfield code="a">Biblioteca della Congregazione dell&apos;oratorio di S. Filippo Neri. Perugia</subfield>
    <subfield code="1">PG0144</subfield>
    <subfield code="2">UM1 42</subfield>
  </datafield>
  <datafield tag="899" ind1=" " ind2=" ">
    <subfield code="a">Biblioteca Dominicini. Perugia</subfield>
    <subfield code="1">PG0151</subfield>
    <subfield code="2">UM1 40</subfield>
  </datafield>
  <datafield tag="899" ind1=" " ind2=" ">
    <subfield code="a">Biblioteca centrale dell&apos;Universit ̉degli studi di Perugia. Perugia</subfield>
    <subfield code="1">PG0251</subfield>
    <subfield code="2">ZPG 08</subfield>
  </datafield>
  <datafield tag="899" ind1=" " ind2=" ">
    <subfield code="a">Collezione privata L. Serego Alighieri. Castel del Piano Umbro</subfield>
    <subfield code="1">PG0388</subfield>
    <subfield code="2">ZPG 42</subfield>
  </datafield>
  <datafield tag="899" ind1=" " ind2=" ">
    <subfield code="a">Biblioteca universitaria Alessandrina. Roma</subfield>
    <subfield code="1">RM0280</subfield>
    <subfield code="2">RML 01</subfield>
  </datafield>
  <datafield tag="899" ind1=" " ind2=" ">
    <subfield code="a">Biblioteca Vallicelliana. Roma</subfield>
    <subfield code="1">RM0281</subfield>
    <subfield code="2">RML 08</subfield>
  </datafield>
  <datafield tag="899" ind1=" " ind2=" ">
    <subfield code="a">Biblioteca Casanatense. Roma</subfield>
    <subfield code="1">RM0313</subfield>
    <subfield code="2">RML 07</subfield>
  </datafield>
  <datafield tag="899" ind1=" " ind2=" ">
    <subfield code="a">Biblioteca del Pontificio Ateneo Antonianum. Roma</subfield>
    <subfield code="1">RM0692</subfield>
    <subfield code="2">ZRM 44</subfield>
  </datafield>
  <datafield tag="899" ind1=" " ind2=" ">
    <subfield code="a">Biblioteca del Centro teologico. Torino</subfield>
    <subfield code="1">TO0249</subfield>
    <subfield code="2">TO0 48</subfield>
  </datafield>
  <datafield tag="899" ind1=" " ind2=" ">
    <subfield code="a">Nuova biblioteca pubblica Luigi Fumi. Orvieto</subfield>
    <subfield code="1">TR0022</subfield>
    <subfield code="2">UM1 06</subfield>
  </datafield>
  <datafield tag="899" ind1=" " ind2=" ">
    <subfield code="a">British Library. London</subfield>
    <subfield code="1">UK0001</subfield>
  </datafield>
  <datafield tag="911" ind1=" " ind2=" ">
    <subfield code="a">Nel colophon</subfield>
    <subfield code="9">IT\ICCU\CNCM\000787</subfield>
  </datafield>
  <datafield tag="921" ind1=" " ind2=" ">
    <subfield code="a">IT\ICCU\CNCM\000787</subfield>
    <subfield code="b">Ramoscello di salvia. In cornice figurata.</subfield>
    <subfield code="e">Fructus dat salvia novos</subfield>
    <subfield code="c">A71</subfield>
    <subfield code="c">Z1021</subfield>
    <subfield code="f">SALVIA</subfield>
    <subfield code="f">FRUCTUSDAT</subfield>
    <subfield code="g">1585</subfield>
  </datafield>
</record>
</collection>
